@book{lam1994,
	title =		"\LaTeX: A Document Preparation System",
	edition =	"Second",
	author =	"Leslie Lamport",
	publisher =	"Addison-Wesley Publishing Company",
	year =		"1994",
	isbn =		"0-201-52983-1",
}

@inproceedings{LastName1996,
	author =	"FirstName LastName and FirstName I. LastName and
			 F.N. {LastName Jr.}",
	title =		"Conference Paper {MUN} Title",
	booktitle =	"Proceedings of the Conference of Sample Conferences",
	month =		"Apr.",
	year =		"1996",
	pages =		"100--110",
	doi =		"put a real doi here, if you want.",
}

@article{Romalis1997,
	author =	"M. V. Romalis, E. Miron, and G. D. Cates",
	title =		"Pressure broadening of Rb D$_{1}$ and D$_{2}$ lines by $^{3}$He, $^{4}$He, N$_{2}$, and Xe: line cores and near wings",
	journal =	"Phys. Rev. A",
	volume =	"56",
	number =	"6",
	year =		"1997",
}

@article{WalkerHapper,
	author =	"Thad G. Walker, William Happer",
	title =		"Spin-exchange optical pumping of noble-gas nuclei",
	journal =	"RMP Colloquia",
}

@article{Singh:2013nja,
	author         = "Singh, Jaideep and Dolph, P. A. M. and Tobias, W. A. and
	Averett, T. D. and Kelleher, A. and Mooney, K. E. and
	Nelyubin, V. V. and Wang, Yunxiao and Zheng, Yuan and
	Cates, G. D.",
	title          = "{Development of high-performance alkali-hybrid polarized
	$^3$He targets for electron scattering}",
	journal        = "Phys. Rev.",
	volume         = "C91",
	year           = "2015",
	number         = "5",
	pages          = "055205",
	doi            = "10.1103/PhysRevC.91.055205",
	eprint         = "1309.4004",
	archivePrefix  = "arXiv",
	primaryClass   = "physics.atom-ph",
	SLACcitation   = "%%CITATION = ARXIV:1309.4004;%%"
}

@article{RevModPhys.26.167,
	title = {Use of Rotating Coordinates in Magnetic Resonance Problems},
	author = {Rabi, I. I. and Ramsey, N. F. and Schwinger, J.},
	journal = {Rev. Mod. Phys.},
	volume = {26},
	issue = {2},
	pages = {167--171},
	numpages = {0},
	year = {1954},
	month = {Apr},
	publisher = {American Physical Society},
	doi = {10.1103/RevModPhys.26.167},
	url = {http://link.aps.org/doi/10.1103/RevModPhys.26.167}
}

@article{PhysRevC.84.065201,
	title = {Gas dynamics in high-luminosity polarized ${}^{3}$He targets using diffusion and convection},
	author = {Dolph, P. A. M. and Singh, J. and Averett, T. and Kelleher, A. and Mooney, K. E. and Nelyubin, V. and Tobias, W. A. and Wojtsekhowski, B. and Cates, G. D.},
	journal = {Phys. Rev. C},
	volume = {84},
	issue = {6},
	pages = {065201},
	numpages = {13},
	year = {2011},
	month = {Dec},
	publisher = {American Physical Society},
	doi = {10.1103/PhysRevC.84.065201},
	url = {http://link.aps.org/doi/10.1103/PhysRevC.84.065201}
}

@article{PhysRevA.37.2877,
	title = {Relaxation of spins due to field inhomogeneities in gaseous samples at low magnetic fields and low pressures},
	author = {Cates, G. D. and Schaefer, S. R. and Happer, W.},
	journal = {Phys. Rev. A},
	volume = {37},
	issue = {8},
	pages = {2877--2885},
	numpages = {0},
	year = {1988},
	month = {Apr},
	publisher = {American Physical Society},
	doi = {10.1103/PhysRevA.37.2877},
	url = {http://link.aps.org/doi/10.1103/PhysRevA.37.2877}
}

@article{PhysRevA.38.5092,
	title = {Spin relaxation in gases due to inhomogeneous static and oscillating magnetic fields},
	author = {Cates, G. D. and White, D. J. and Chien, Ting-Ray and Schaefer, S. R. and Happer, W.},
	journal = {Phys. Rev. A},
	volume = {38},
	issue = {10},
	pages = {5092--5106},
	numpages = {0},
	year = {1988},
	month = {Nov},
	publisher = {American Physical Society},
	doi = {10.1103/PhysRevA.38.5092},
	url = {http://link.aps.org/doi/10.1103/PhysRevA.38.5092}
}

@article{PhysRev.38.2082.2,
	title = {Measurement of Nuclear Spin},
	author = {Breit, G. and Rabi, I. I.},
	journal = {Phys. Rev.},
	volume = {38},
	issue = {11},
	pages = {2082--2083},
	numpages = {0},
	year = {1931},
	month = {Dec},
	publisher = {American Physical Society},
	doi = {10.1103/PhysRev.38.2082.2},
	url = {http://link.aps.org/doi/10.1103/PhysRev.38.2082.2}
}

@article{PhysRevA.58.3004,
	title = {Accurate ${}^{3}\mathrm{He}$ polarimetry using the Rb Zeeman frequency shift due to the $\mathrm{Rb}{-}^{3}\mathrm{He}$ spin-exchange collisions},
	author = {Romalis, M. V. and Cates, G. D.},
	journal = {Phys. Rev. A},
	volume = {58},
	issue = {4},
	pages = {3004--3011},
	numpages = {0},
	year = {1998},
	month = {Oct},
	publisher = {American Physical Society},
	doi = {10.1103/PhysRevA.58.3004},
	url = {http://link.aps.org/doi/10.1103/PhysRevA.58.3004}
}

@article{PhysRevA.71.013414,
	title = {$^{3}\mathrm{He}$ polarization-dependent EPR frequency shifts of alkali-metal\char21{}$^{3}\mathrm{He}$ pairs},
	author = {Babcock, Earl and Nelson, Ian A. and Kadlecek, Steve and Walker, Thad G.},
	journal = {Phys. Rev. A},
	volume = {71},
	issue = {1},
	pages = {013414},
	numpages = {5},
	year = {2005},
	month = {Jan},
	publisher = {American Physical Society},
	doi = {10.1103/PhysRevA.71.013414},
	url = {http://link.aps.org/doi/10.1103/PhysRevA.71.013414}
}

@article{PhysRevLett.40.391,
	title = {Noble-Gas NMR Detection through Noble-Gas-Rubidium Hyperfine Contact Interaction},
	author = {Grover, B. C.},
	journal = {Phys. Rev. Lett.},
	volume = {40},
	issue = {6},
	pages = {391--392},
	numpages = {0},
	year = {1978},
	month = {Feb},
	publisher = {American Physical Society},
	doi = {10.1103/PhysRevLett.40.391},
	url = {http://link.aps.org/doi/10.1103/PhysRevLett.40.391}
}

@article{PeterThesis,
	title = {High-Performance Nuclear-Polarized $^{3}\mathrm{He}$ Targets for Electron Scattering Based on Spin-Exchange Optical Pumping},
	journal = {PhD thesis, University of Virginia},
	year = {2010}
	}
